<?xml version="1.0" encoding="UTF-8"?><collection xmlns="http://www.loc.gov/MARC21/slim"><record><leader>00448nam--2200169-i-4500</leader><controlfield tag="001">000030375</controlfield><controlfield tag="002">20161230</controlfield><controlfield tag="005">20161230201038</controlfield><controlfield tag="008">060222s1000------------r-----000-0-rum-d</controlfield><datafield ind1=" " ind2=" " tag="040"><subfield code="a">IFIN-HH</subfield></datafield><datafield ind1=" " ind2=" " tag="041"><subfield code="a">rum</subfield></datafield><datafield ind1="1" ind2=" " tag="100"><subfield code="a">Manea, Vasile</subfield></datafield><datafield ind1="1" ind2="0" tag="245"><subfield code="a">Cateva probleme ale teoriei placilor plane elastice</subfield><subfield code="c">Vasile Manea</subfield></datafield><datafield ind1=" " ind2=" " tag="260"><subfield code="a">Bucursti, Editura Academiei R.S.R., 1966</subfield></datafield><datafield ind1=" " ind2=" " tag="300"><subfield code="a">254P</subfield></datafield><datafield ind1=" " ind2=" " tag="852"><subfield code="a">23538</subfield><subfield code="c">531</subfield></datafield><datafield ind1=" " ind2=" " tag="CAT"><subfield code="a">Sys</subfield><subfield code="c">20100623</subfield><subfield code="h">090839</subfield></datafield></record></collection>